<?xml version="1.0" encoding="UTF-8"?><collection xmlns="http://www.loc.gov/MARC21/slim"><record><leader>00432nam--2200133-i-4500</leader><controlfield tag="001">000009873</controlfield><controlfield tag="002">20161230</controlfield><controlfield tag="005">20161230201028</controlfield><controlfield tag="008">060222s1000------------r-----000-0-eng-d</controlfield><datafield ind1=" " ind2=" " tag="080"><subfield code="a">621.039.543</subfield></datafield><datafield ind1=" " ind2=" " tag="100"><subfield code="a">Bocker, Shimon</subfield></datafield><datafield ind1=" " ind2=" " tag="245"><subfield code="a">Contribution a l`etude du monocarbure d`ura nium et de plutonium avec de faibles additions de zirconium. these</subfield></datafield><datafield ind1=" " ind2=" " tag="260"><subfield code="a">Paris, La Faculte Des Science D`Orsay, 1970. 64 P + 85 Fig</subfield></datafield><datafield ind1=" " ind2=" " tag="852"><subfield code="a">35805</subfield></datafield></record></collection>